<record><leader>00000cas a22000007a 4500</leader><controlfield tag="001">8563903</controlfield><controlfield tag="008">820630c19uu9999oruwr ne      0   a0eng d</controlfield><datafield ind1=" " ind2=" " tag="010"><subfield code="a">sn 82004722 </subfield></datafield><datafield ind1=" " ind2=" " tag="040"><subfield code="a">NSD</subfield><subfield code="b">eng</subfield><subfield code="c">NSD</subfield><subfield code="d">OCLCQ</subfield></datafield><datafield ind1=" " ind2=" " tag="012"><subfield code="m">1</subfield></datafield><datafield ind1="1" ind2=" " tag="022"><subfield code="a">0744-785X</subfield><subfield code="l">0744-785X</subfield><subfield code="2">1</subfield></datafield><datafield ind1=" " ind2=" " tag="032"><subfield code="a">675230</subfield><subfield code="b">USPS</subfield></datafield><datafield ind1=" " ind2=" " tag="037"><subfield code="b">South Coast Week, P.O. Box 1840, Coos Bay, OR 97420</subfield></datafield><datafield ind1=" " ind2=" " tag="042"><subfield code="a">nsdp</subfield></datafield><datafield ind1=" " ind2="0" tag="222"><subfield code="a">South Coast week</subfield></datafield><datafield ind1="0" ind2="0" tag="245"><subfield code="a">South Coast week.</subfield></datafield><datafield ind1=" " ind2=" " tag="260"><subfield code="a">[Coos Bay, OR :</subfield><subfield code="b">Southwestern Oregon Pub. Co.]</subfield></datafield><datafield ind1=" " ind2=" " tag="310"><subfield code="a">Weekly</subfield></datafield><datafield ind1=" " ind2=" " tag="588"><subfield code="a">Description based on: Vol. 2, no. 19 (June 9, 1982); title from caption.</subfield></datafield><datafield ind1=" " ind2=" " tag="936"><subfield code="a">June 9, 1982</subfield></datafield></record>